@article{kornai2013digital,
  title={Digital language death},
  author={Kornai, Andr{\'a}s},
  journal={PloS one},
  volume={8},
  number={10},
  pages={e77056},
  year={2013},
  publisher={Public Library of Science}
}